@book{Goodfellow-et-al-2016,
    title={Deep Learning},
    author={Ian Goodfellow and Yoshua Bengio and Aaron Courville},
    publisher={MIT Press},
    note={\url{http://www.deeplearningbook.org}},
    year={2016}
}


@inproceedings{krizhevsky2012imagenet,
  title={Imagenet classification with deep convolutional neural networks},
  author={Krizhevsky, Alex and Sutskever, Ilya and Hinton, Geoffrey E},
  booktitle={Advances in neural information processing systems},
  pages={1097--1105},
  year={2012}
}

@article{DBLP:journals/corr/SimonyanZ14a,
  author    = {Karen Simonyan and
               Andrew Zisserman},
  title     = {Very Deep Convolutional Networks for Large-Scale Image Recognition},
  journal   = {CoRR},
  volume    = {abs/1409.1556},
  year      = {2014},
  url       = {http://arxiv.org/abs/1409.1556},
  timestamp = {Wed, 07 Jun 2017 14:41:51 +0200},
  biburl    = {http://dblp.org/rec/bib/journals/corr/SimonyanZ14a},
  bibsource = {dblp computer science bibliography, http://dblp.org}
}

@article{DBLP:journals/corr/SzegedyLJSRAEVR14,
  author    = {Christian Szegedy and
               Wei Liu and
               Yangqing Jia and
               Pierre Sermanet and
               Scott E. Reed and
               Dragomir Anguelov and
               Dumitru Erhan and
               Vincent Vanhoucke and
               Andrew Rabinovich},
  title     = {Going Deeper with Convolutions},
  journal   = {CoRR},
  volume    = {abs/1409.4842},
  year      = {2014},
  url       = {http://arxiv.org/abs/1409.4842},
  timestamp = {Wed, 07 Jun 2017 14:40:42 +0200},
  biburl    = {http://dblp.org/rec/bib/journals/corr/SzegedyLJSRAEVR14},
  bibsource = {dblp computer science bibliography, http://dblp.org}
}


@article{DBLP:journals/corr/HeZRS15,
  author    = {Kaiming He and
               Xiangyu Zhang and
               Shaoqing Ren and
               Jian Sun},
  title     = {Deep Residual Learning for Image Recognition},
  journal   = {CoRR},
  volume    = {abs/1512.03385},
  year      = {2015},
  url       = {http://arxiv.org/abs/1512.03385},
  timestamp = {Wed, 07 Jun 2017 14:41:17 +0200},
  biburl    = {http://dblp.org/rec/bib/journals/corr/HeZRS15},
  bibsource = {dblp computer science bibliography, http://dblp.org}
}

@inproceedings{45826,
title = {Neural Architecture Search with Reinforcement Learning},
author  = {Barret Zoph and Quoc V. Le},
year  = {2017},
URL = {https://arxiv.org/abs/1611.01578}
}

@article{DBLP:journals/corr/SaxenaV16,
  author    = {Shreyas Saxena and
               Jakob Verbeek},
  title     = {Convolutional Neural Fabrics},
  journal   = {CoRR},
  volume    = {abs/1606.02492},
  year      = {2016},
  url       = {http://arxiv.org/abs/1606.02492},
  timestamp = {Wed, 07 Jun 2017 14:42:45 +0200},
  biburl    = {http://dblp.org/rec/bib/journals/corr/SaxenaV16},
  bibsource = {dblp computer science bibliography, http://dblp.org}
}

@article{DBLP:journals/corr/FernandoBBZHRPW17,
  author    = {Chrisantha Fernando and
               Dylan Banarse and
               Charles Blundell and
               Yori Zwols and
               David Ha and
               Andrei A. Rusu and
               Alexander Pritzel and
               Daan Wierstra},
  title     = {PathNet: Evolution Channels Gradient Descent in Super Neural Networks},
  journal   = {CoRR},
  volume    = {abs/1701.08734},
  year      = {2017},
  url       = {http://arxiv.org/abs/1701.08734},
  timestamp = {Wed, 07 Jun 2017 14:42:32 +0200},
  biburl    = {http://dblp.org/rec/bib/journals/corr/FernandoBBZHRPW17},
  bibsource = {dblp computer science bibliography, http://dblp.org}
}

@article{PhysRevLett.112.055301,
  title = {Quantum Tricriticality at the Superfluid-Insulator Transition of Binary Bose Mixtures},
  author = {Kato, Yasuyuki and Yamamoto, Daisuke and Danshita, Ippei},
  journal = {Phys. Rev. Lett.},
  volume = {112},
  issue = {5},
  pages = {055301},
  numpages = {5},
  year = {2014},
  month = {Feb},
  publisher = {American Physical Society},
  doi = {10.1103/PhysRevLett.112.055301},
  url = {https://link.aps.org/doi/10.1103/PhysRevLett.112.055301}
}

@book{bredon2013topology,
  title={Topology and geometry},
  author={Bredon, Glen E},
  volume={139},
  year={2013},
  publisher={Springer Science \& Business Media}
}

@article{betti1872nuovo,
  title={Il Nuovo Cimento},
  author={Betti, E},
  journal={Series},
  volume={2},
  pages={7},
  year={1872}
}

@article{dey1998computational,
  title={Computational topology, invited paper in Advances in Discrete and Computational Geometry, eds. B. Chazelle, JE Goodmann and R. Pollack},
  author={Dey, TK and Edelsbrunner, H and Guha, S},
  journal={Contemporary Mathematics, AMS},
  year={1998}
}

@article{zomorodian2005computing,
  title={Computing persistent homology},
  author={Zomorodian, Afra and Carlsson, Gunnar},
  journal={Discrete \& Computational Geometry},
  volume={33},
  number={2},
  pages={249--274},
  year={2005},
  publisher={Springer}
}

@article{topaz2015topological,
  title={Topological data analysis of biological aggregation models},
  author={Topaz, Chad M and Ziegelmeier, Lori and Halverson, Tom},
  journal={PloS one},
  volume={10},
  number={5},
  pages={e0126383},
  year={2015},
  publisher={Public Library of Science}
}


@article{mnih2013playing,
  title={Playing atari with deep reinforcement learning},
  author={Mnih, Volodymyr and Kavukcuoglu, Koray and Silver, David and Graves, Alex and Antonoglou, Ioannis and Wierstra, Daan and Riedmiller, Martin},
  journal={arXiv preprint arXiv:1312.5602},
  year={2013}
}

@article{wu2016google,
  title={Google's neural machine translation system: Bridging the gap between human and machine translation},
  author={Wu, Yonghui and Schuster, Mike and Chen, Zhifeng and Le, Quoc V and Norouzi, Mohammad and Macherey, Wolfgang and Krikun, Maxim and Cao, Yuan and Gao, Qin and Macherey, Klaus and others},
  journal={arXiv preprint arXiv:1609.08144},
  year={2016}
}

@article{hinton2012deep,
  title={Deep neural networks for acoustic modeling in speech recognition: The shared views of four research groups},
  author={Hinton, Geoffrey and Deng, Li and Yu, Dong and Dahl, George E and Mohamed, Abdel-rahman and Jaitly, Navdeep and Senior, Andrew and Vanhoucke, Vincent and Nguyen, Patrick and Sainath, Tara N and others},
  journal={IEEE Signal Processing Magazine},
  volume={29},
  number={6},
  pages={82--97},
  year={2012},
  publisher={IEEE}
}



@article{guss2016deep,
  title={Deep Function Machines: Generalized Neural Networks for Topological Layer Expression},
  author={Guss, William H},
  journal={arXiv preprint arXiv:1612.04799},
  year={2016}
}

@article{raghu2016expressive,
  title={On the expressive power of deep neural networks},
  author={Raghu, Maithra and Poole, Ben and Kleinberg, Jon and Ganguli, Surya and Sohl-Dickstein, Jascha},
  journal={arXiv preprint arXiv:1606.05336},
  year={2016}
}

@inproceedings{daniely2016toward,
  title={Toward deeper understanding of neural networks: The power of initialization and a dual view on expressivity},
  author={Daniely, Amit and Frostig, Roy and Singer, Yoram},
  booktitle={Advances In Neural Information Processing Systems},
  pages={2253--2261},
  year={2016}
}

@inproceedings{bianchini2014complexity,
  title={On the complexity of shallow and deep neural network classifiers.},
  author={Bianchini, Monica and others},
  booktitle={ESANN},
  year={2014}
}

@article{carlsson2008local,
  title={On the local behavior of spaces of natural images},
  author={Carlsson, Gunnar and Ishkhanov, Tigran and De Silva, Vin and Zomorodian, Afra},
  journal={International journal of computer vision},
  volume={76},
  number={1},
  pages={1--12},
  year={2008},
  publisher={Springer}
}

@article{topaz2015topological,
  title={Topological data analysis of biological aggregation models},
  author={Topaz, Chad M and Ziegelmeier, Lori and Halverson, Tom},
  journal={PloS one},
  volume={10},
  number={5},
  pages={e0126383},
  year={2015},
  publisher={Public Library of Science}
}

@article{michel2017does,
  title={Does the Geometry of Word Embeddings Help Document Classification? A Case Study on Persistent Homology Based Representations},
  author={Michel, Paul and Ravichander, Abhilasha and Rijhwani, Shruti},
  journal={arXiv preprint arXiv:1705.10900},
  year={2017}
}

@article{wu2017congestion,
  title={Congestion Barcodes: Exploring the Topology of Urban Congestion Using Persistent Homology},
  author={Wu, Yu and Shindnes, Gabriel and Karve, Vaibhav and Yager, Derrek and Work, Daniel B and Chakraborty, Arnab and Sowers, Richard B},
  journal={arXiv preprint arXiv:1707.08557},
  year={2017}
}

@article{xia2014persistent,
  title={Persistent homology analysis of protein structure, flexibility, and folding},
  author={Xia, Kelin and Wei, Guo-Wei},
  journal={International journal for numerical methods in biomedical engineering},
  volume={30},
  number={8},
  pages={814--844},
  year={2014},
  publisher={Wiley Online Library}
}

@article{cybenko1989approximation,
  title={Approximation by superpositions of a sigmoidal function},
  author={Cybenko, George},
  journal={Mathematics of Control, Signals, and Systems (MCSS)},
  volume={2},
  number={4},
  pages={303--314},
  year={1989},
  publisher={Springer}
}

@inproceedings{eldan2016power,
  title={The power of depth for feedforward neural networks},
  author={Eldan, Ronen and Shamir, Ohad},
  booktitle={Conference on Learning Theory},
  pages={907--940},
  year={2016}
}

@article{pascanu2013number,
  title={On the number of response regions of deep feed forward networks with piece-wise linear activations},
  author={Pascanu, Razvan and Montufar, Guido and Bengio, Yoshua},
  journal={arXiv preprint arXiv:1312.6098},
  year={2013}
}

@book{mackay2003information,
  title={Information theory, inference and learning algorithms},
  author={MacKay, David JC},
  year={2003},
  publisher={Cambridge university press}
}

@inproceedings{poole2016exponential,
  title={Exponential expressivity in deep neural networks through transient chaos},
  author={Poole, Ben and Lahiri, Subhaneil and Raghu, Maithreyi and Sohl-Dickstein, Jascha and Ganguli, Surya},
  booktitle={Advances In Neural Information Processing Systems},
  pages={3360--3368},
  year={2016}
}


@inproceedings{chazal2015subsampling,
  title={Subsampling methods for persistent homology},
  author={Chazal, Fr{\'e}d{\'e}ric and Fasy, Brittany and Lecci, Fabrizio and Michel, Bertrand and Rinaldo, Alessandro and Wasserman, Larry},
  booktitle={Proceedings of the 32nd International Conference on Machine Learning (ICML-15)},
  pages={2143--2151},
  year={2015}
}

@article{saul2000introduction,
  title={An introduction to locally linear embedding},
  author={Saul, Lawrence K and Roweis, Sam T},
  journal={unpublished. Available at: http://www. cs. toronto. edu/\~{} roweis/lle/publications. html},
  year={2000}
}